<record><leader>00000cas a2200000 a 4500</leader><controlfield tag="001">39372784</controlfield><controlfield tag="008">980630d19231925caudn ne      0    0eng c</controlfield><datafield ind1=" " ind2=" " tag="010"><subfield code="a">sn 98061331 </subfield></datafield><datafield ind1=" " ind2=" " tag="040"><subfield code="a">CNK</subfield><subfield code="b">eng</subfield><subfield code="c">CNK</subfield><subfield code="d">OCLCQ</subfield><subfield code="d">CNK</subfield><subfield code="d">OCLCQ</subfield><subfield code="d">OCLCF</subfield><subfield code="d">OCLCO</subfield></datafield><datafield ind1="1" ind2=" " tag="029"><subfield code="a">AU@</subfield><subfield code="b">000014094658</subfield></datafield><datafield ind1=" " ind2=" " tag="042"><subfield code="a">pcc</subfield></datafield><datafield ind1=" " ind2=" " tag="043"><subfield code="a">n-us-ca</subfield></datafield><datafield ind1="0" ind2="0" tag="245"><subfield code="a">Fullerton daily news.</subfield></datafield><datafield ind1=" " ind2=" " tag="260"><subfield code="a">Fullerton, Calif. :</subfield><subfield code="b">Fullerton News Pub. Co.</subfield></datafield><datafield ind1=" " ind2=" " tag="300"><subfield code="a">v.</subfield></datafield><datafield ind1=" " ind2=" " tag="310"><subfield code="a">Daily (except Sun.)</subfield></datafield><datafield ind1="0" ind2=" " tag="362"><subfield code="a">Vol. 23, no. 129 (Oct. 15, 1923)-v. 25, no. 150 (July 3, 1925).</subfield></datafield><datafield ind1=" " ind2=" " tag="530"><subfield code="a">Master negatives are available for duplication from:</subfield><subfield code="b">California Newspaper Microfilm Archive;</subfield><subfield code="c">positive copies may be purchased by the reel; for further information consult the CNMA at:</subfield><subfield code="u">http://cbsr.ucr.edu</subfield></datafield><datafield ind1=" " ind2="0" tag="651"><subfield code="a">Fullerton (Calif.)</subfield><subfield code="v">Newspapers.</subfield></datafield><datafield ind1=" " ind2="0" tag="651"><subfield code="a">Orange County (Calif.)</subfield><subfield code="v">Newspapers.</subfield></datafield><datafield ind1=" " ind2="7" tag="655"><subfield code="a">Newspapers.</subfield><subfield code="2">fast</subfield><subfield code="0">(OCoLC)fst01423814</subfield></datafield><datafield ind1=" " ind2="7" tag="651"><subfield code="a">California</subfield><subfield code="z">Fullerton.</subfield><subfield code="2">fast</subfield><subfield code="0">(OCoLC)fst01202847</subfield></datafield><datafield ind1=" " ind2="7" tag="651"><subfield code="a">California</subfield><subfield code="z">Orange County.</subfield><subfield code="2">fast</subfield><subfield code="0">(OCoLC)fst01206289</subfield></datafield><datafield ind1=" " ind2=" " tag="752"><subfield code="a">United States</subfield><subfield code="b">California</subfield><subfield code="c">Orange</subfield><subfield code="d">Fullerton.</subfield></datafield><datafield ind1="0" ind2="0" tag="780"><subfield code="t">Fullerton news (Fullerton, Calif.)</subfield><subfield code="w">(DLC)sn 95062053</subfield></datafield><datafield ind1="0" ind2="0" tag="785"><subfield code="t">Fullerton news (Fullerton, Calif. : 1925)</subfield><subfield code="w">(DLC)sn 98061332</subfield></datafield></record>